@misc{cardiotocography_193,
  author       = {Campos, D. and Bernardes, J.},
  title        = {{Cardiotocography}},
  year         = {2000},
  howpublished = {UCI Machine Learning Repository},
  note         = {{DOI}: https://doi.org/10.24432/C51S4N}
}

@article{huang2021investigating,
  title={Investigating the interpretability of fetal status assessment using antepartum cardiotocographic records},
  author={Huang, L. and Jiang, Z. and Cai, R. and Li, L. and Chen, Q. and Hong, J. and Hao, Z. and Wei, H.},
  journal={BMC Medical Informatics and Decision Making},
  volume={21},
  number={1},
  pages={355},
  year={2021},
  publisher={BioMed Central},
  doi={10.1186/s12911-021-01714-4},
  url={https://doi.org/10.1186/s12911-021-01714-4}
}
